<?xml version="1.0" encoding="UTF-8"?><collection xmlns="http://www.loc.gov/MARC21/slim"><record><leader>00395nam--2200145-i-4500</leader><controlfield tag="001">000022670</controlfield><controlfield tag="002">20161230</controlfield><controlfield tag="005">20161230201034</controlfield><controlfield tag="008">060222s1000------------r-----000-0-eng-d</controlfield><datafield ind1=" " ind2=" " tag="080"><subfield code="a">543.42</subfield></datafield><datafield ind1=" " ind2=" " tag="100"><subfield code="a">Hecht, Harry G. And Wendlandt, Wesley Wm</subfield></datafield><datafield ind1=" " ind2=" " tag="245"><subfield code="a">Reflectance spectroscopy</subfield></datafield><datafield ind1=" " ind2=" " tag="260"><subfield code="a">New York, Interscience Publishers, 1966, Viii + 298p</subfield></datafield><datafield ind1=" " ind2=" " tag="490"><subfield code="a">Chemical Analysis</subfield></datafield><datafield ind1=" " ind2=" " tag="852"><subfield code="a">13701</subfield></datafield></record></collection>